%% Created using Papers on Tue, 01 Nov 2011.
%% http://mekentosj.com/papers/

@article{Stalhand:2011hg,
author = {St{\aa}lhand, J and Klarbring, A and Holzapfel, G A},
title = {{A mechanochemical 3D continuum model for smooth muscle contraction under finite strains}},
journal = {Journal of Theoretical Biology},
year = {2011},
volume = {268},
number = {1},
pages = {120--130},
month = jan
}

@article{Feygin:2008eh,
author = {Feygin, J and Hu, Q and Swingen, C and Zhang, J},
title = {{Relationships between regional myocardial wall stress and bioenergetics in hearts with left ventricular hypertrophy}},
journal = {AJP: Heart and Circulatory Physiology},
year = {2008},
volume = {294},
number = {5},
pages = {H2313--H2321},
month = mar
}

@article{Nardinocchi:2007dq,
author = {Nardinocchi, Paola and Teresi, Luciano},
title = {{On the Active Response of Soft Living Tissues}},
journal = {Journal of Elasticity},
year = {2007},
volume = {88},
number = {1},
pages = {27--39},
month = jun
}

@article{Land:2011vp,
author = {Land, S and Niederer, S},
title = {{Efficient computational methods for strongly coupled cardiac electromechanics}},
journal = {Biomedical Engineering},
year = {2011}
}

@article{Yang:2003jv,
author = {Yang, J},
title = {{The myogenic response in isolated rat cerebrovascular arteries: vessel model}},
journal = {Medical Engineering {\&} Physics},
year = {2003},
volume = {25},
number = {8},
pages = {711--717},
month = oct
}

@article{Yang:2003fo,
author = {Yang, J},
title = {{The myogenic response in isolated rat cerebrovascular arteries: smooth muscle cell model}},
journal = {Medical Engineering {\&} Physics},
year = {2003},
volume = {25},
number = {8},
pages = {691--709},
month = oct
}

@article{Holzapfel:2009bb,
author = {Holzapfel, G A and Ogden, R W},
title = {{Constitutive modelling of passive myocardium: a structurally based framework for material characterization}},
journal = {Philosophical Transactions of the Royal Society A: Mathematical, Physical and Engineering Sciences},
year = {2009},
volume = {367},
number = {1902},
pages = {3445--3475},
month = aug
}

@article{Lubarda:2004wp,
author = {Lubarda, VA},
title = {{Constitutive theories based on the multiplicative decomposition of deformation gradient: Thermoelasticity, elastoplasticity, and biomechanics}},
journal = {Applied Mechanics Reviews},
year = {2004}
}

@article{Niederer:2008gu,
author = {Niederer, Steven A and Smith, Nicolas P},
title = {{An improved numerical method for strong coupling of excitation and contraction models in the heart}},
journal = {Progress in Biophysics and Molecular Biology},
year = {2008},
volume = {96},
number = {1-3},
pages = {90--111},
month = jan
}

@article{Schoenberg:1980io,
author = {Schoenberg, M},
title = {{Geometrical factors influencing muscle force development. II. Radial forces}},
journal = {Biophysical Journal},
year = {1980},
volume = {30},
number = {1},
pages = {69--77},
month = apr
}

@article{Schoenberg:1980bx,
author = {Schoenberg, M},
title = {{Geometrical factors influencing muscle force development. I. The effect of filament spacing upon axial forces}},
journal = {Biophysical Journal},
year = {1980},
volume = {30},
number = {1},
pages = {51--67},
month = apr
}

@webpage{Anonymous:tc,
title = {{Cardiac muscle}},
url = {http://en.wikipedia.org/wiki/Cardiac_muscle}
}

@article{Murtada:2010bj,
author = {Murtada, Sae-Il and Kroon, Martin and Holzapfel, Gerhard A},
title = {{A calcium-driven mechanochemical model for prediction of force generation in smooth muscle}},
journal = {Biomechanics and Modeling in Mechanobiology},
year = {2010},
volume = {9},
number = {6},
pages = {749--762},
month = mar
}

@article{Wu:2009et,
author = {Wu, Fan and Zhang, Jianyi and Beard, Daniel A.},
title = {{Experimentally observed phenomena on cardiac energetics in heart failure emerge from simulations of cardiac metabolism}},
journal = {Proceedings of the National Academy of Sciences of the United States of America},
year = {2009},
volume = {106},
number = {17},
pages = {7143--7148}
}

@article{Williams:2010cm,
author = {Williams, C David and Regnier, Michael and Daniel, Thomas L},
title = {{Axial and Radial Forces of Cross-Bridges Depend on Lattice Spacing}},
journal = {PLoS Computational Biology},
year = {2010},
volume = {6},
number = {12},
pages = {e1001018},
month = dec
}

@article{Zulliger:2004ds,
author = {Zulliger, M A},
title = {{A constitutive formulation of arterial mechanics including vascular smooth muscle tone}},
journal = {AJP: Heart and Circulatory Physiology},
year = {2004},
volume = {287},
number = {3},
pages = {H1335--H1343},
month = apr
}

@article{Germain:1973tn,
author = {Germain, P},
title = {{The method of virtual power in continuum mechanics. Part 2: Microstructure}},
journal = {SIAM Journal on Applied Mathematics},
year = {1973}
}

@article{Stalhand:2008go,
author = {St{\aa}lhand, J and Klarbring, A and Holzapfel, G A},
title = {{Smooth muscle contraction: Mechanochemical formulation for homogeneous finite strains}},
journal = {Progress in Biophysics and Molecular Biology},
year = {2008},
volume = {96},
number = {1-3},
pages = {465--481},
month = jan
}

@article{Hunter:1998tz,
author = {Hunter, PJ and McCulloch, AD and ter Keurs, HEDJ},
title = {{Modelling the mechanical properties of cardiac muscle}},
journal = {Progress in Biophysics and Molecular Biology},
year = {1998},
volume = {69},
pages = {289--331}
}

@article{Cortassa:2003ce,
author = {Cortassa, Sonia and Aon, Miguel A and Marb{\'a}n, Eduardo and Winslow, Raimond L and O'Rourke, Brian},
title = {{An Integrated Model of Cardiac Mitochondrial Energy Metabolism and Calcium Dynamics}},
journal = {Biophysical Journal},
year = {2003},
volume = {84},
number = {4},
pages = {2734--2755},
month = apr
}

@book{Cherubini:2009fq,
author = {Cherubini, C and Filippi, S and Nardinocchi, P and Teresi, L},
editor = {Kamkin, Andre and Kiseleva, Irina},
title = {{Mechanosensitivity of the Heart}},
publisher = {Springer Netherlands},
year = {2009},
address = {Dordrecht},
month = oct
}

@article{Tracqui:2009jn,
author = {Tracqui, P and Ohayon, J},
title = {{An integrated formulation of anisotropic force-calcium relations driving spatio-temporal contractions of cardiac myocytes}},
journal = {Philosophical Transactions of the Royal Society A: Mathematical, Physical and Engineering Sciences},
year = {2009},
volume = {367},
number = {1908},
pages = {4887--4905},
month = nov
}

@article{DiCarlo:2002vs,
author = {DiCarlo, A},
title = {{Growth and balance}},
journal = {Mechanics research communications},
year = {2002}
}

@article{Narayanan:2010du,
author = {Narayanan, H and Verner, S N and Mills, K L and Kemkemer, R and Garikipati, K},
title = {{In silicoestimates of the free energy rates in growing tumor spheroids}},
journal = {Journal of Physics: Condensed Matter},
year = {2010},
volume = {22},
number = {19},
pages = {194122},
month = apr
}

@article{Holzapfel:1996,
author = {Holzapfel, G A},
title = {{On large strain viscoelasticity: {C}ontinuum formulation and finite element applications to elastomeric structures}},
journal = {International Journal for Numerical Methods in Engineering},
year = {1996},
volume = {39},
pages = {3903--3926},
}

@article{Dokos:2002,
author = {Dokos, S and Smaill, B H and Young, A A and LeGrice, I J},
title = {{Shear properties of passive ventricular myocardium}},
journal = {Am. J. Physiol. Heart Circ. Physiol.},
year = {2002},
volume = {283},
pages = {H2650--H2659},
month = apr
}